@book{golub13,
  added-at  = {2014-06-23T11:34:50.000+0200},
  author    = {Golub, Gene H. and van Loan, Charles F.},
  biburl    = {https://www.bibsonomy.org/bibtex/2b9e78e06f69f858cbc968e62c71bb0ef/ytyoun},
  edition   = {Fourth},
  interhash = {a6e3f89a44ff7ccc942c17c894a0dab5},
  intrahash = {b9e78e06f69f858cbc968e62c71bb0ef},
  isbn      = {1421407949 9781421407944},
  keywords  = {GvL cauchy circulant courant-fischer determinant dft eigenvalues interlacing linear.algebra matrix pseudoinverse textbook},
  publisher = {JHU Press},
  refid     = {824733531},
  timestamp = {2017-08-18T08:02:54.000+0200},
  title     = {Matrix Computations},
  url       = {http://www.cs.cornell.edu/cv/GVL4/golubandvanloan.htm},
  year      = 2013
}

 @article{Nielsen_2015,
  title     = {Neural Networks and Deep Learning},
  url       = {http://neuralnetworksanddeeplearning.com},
  publisher = {Determination Press},
  author    = {Nielsen, Michael A.},
  year      = {2015}
}
 @misc{Solai_2018,
  title        = {Convolutions and Backpropagations},
  url          = {https://pavisj.medium.com/convolutions-and-backpropagations-46026a8f5d2c},
  abstractnote = {Ever since AlexNet won the ImageNet competition in 2012, Convolutional Neural Networks (CNNs) have become ubiquitous. Starting from theâ€¦},
  journal      = {Medium},
  author       = {Solai, Pavithra},
  year         = {2018},
  month        = apr
}
 @misc{Making_faster,
  url   = {https://leonardoaraujosantos.gitbook.io/artificial-inteligence/machine_learning/deep_learning/convolution_layer/making_faster},
  year  = {2019},
  month = dec
}
 @misc{MNIST_Dataset,
  url          = {https://www.kaggle.com/datasets/hojjatk/mnist-dataset},
  abstractnote = {The MNIST database of handwritten digits (http://yann.lecun.com)}
}
